@article{bae2014growth,
  title={Growth characteristics and biofilm formation of various spoilage bacteria isolated from fresh produce},
  author={Bae, Young-Min and Zheng, Ling and Hyun, Jeong-Eun and Jung, Kyu-Seok and Heu, Sunggi and Lee, 
Sun-Young},
  journal={Journal of food science},
  volume={79},
  number={10},
  pages={M2072--M2080},
  year={2014},
  publisher={Wiley Online Library}
}

@article{bernhardt2018metabolic,
  title={Metabolic theory and the temperature-size rule explain the temperature dependence of population 
carrying capacity},
  author={Bernhardt, Joey R and Sunday, Jennifer M and O’Connor, Mary I},
  journal={The American Naturalist},
  volume={192},
  number={6},
  pages={687--697},
  year={2018},
  publisher={University of Chicago Press Chicago, IL}
}

@article{galarz2016predicting,
  title={Predicting bacterial growth in raw, salted, and cooked chicken breast fillets during storage},
  author={Galarz, Liane Aldrighi and Fonseca, Gustavo Graciano and Prentice, Carlos},
  journal={Food Science and Technology International},
  volume={22},
  number={6},
  pages={461--474},
  year={2016},
  publisher={SAGE Publications Sage UK: London, England}
}

@article{gill1991growth,
  title={Growth of Escherichia coli and Salmonella typhimurium on high-pH beef packed under vacuum or carbon 
dioxide},
  author={Gill, CO and DeLacy, KM},
  journal={International journal of food microbiology},
  volume={13},
  number={1},
  pages={21--30},
  year={1991},
  publisher={Elsevier}
}

@article{phillips1987relation,
  title={The relation between temperature and growth of bacteria in dairy products},
  author={Phillips, JD and Griffiths, MW},
  journal={Food Microbiology},
  volume={4},
  number={2},
  pages={173--185},
  year={1987},
  publisher={Elsevier}
}

@article{roth1962continuity,
  title={Continuity of psychrophilic and mesophilic growth characteristics in the genus Arthrobacter},
  author={Roth, Norman G and Wheaton, Robert B},
  journal={Journal of Bacteriology},
  volume={83},
  number={3},
  pages={551--555},
  year={1962},
  publisher={Am Soc Microbiol}
}

@article{silva2018modelling,
  title={Modelling the growth of lactic acid bacteria at different temperatures},
  author={Silva, Ana Paula Rosa da and Longhi, Daniel Angelo and Dalcanton, Francieli and Arag{\~a}o, 
Gl{\'a}ucia Maria Falc{\~a}o de},
  journal={Brazilian archives of biology and technology},
  volume={61},
  year={2018},
  publisher={SciELO Brasil}
}

@article{sivonen1990effects,
  title={Effects of light, temperature, nitrate, orthophosphate, and bacteria on growth of and hepatotoxin 
production by Oscillatoria agardhii strains},
  author={Sivonen, Kaarina},
  journal={Applied and environmental microbiology},
  volume={56},
  number={9},
  pages={2658--2666},
  year={1990},
  publisher={Am Soc Microbiol}
}

@article{stannard1985temperature,
  title={Temperature/growth relationships for psychrotrophic food-spoilage bacteria},
  author={Stannard, CJ and Williams, AP and Gibbs, PA},
  journal={Food Microbiology},
  volume={2},
  number={2},
  pages={115--122},
  year={1985},
  publisher={Elsevier}
}

@article{zwietering1994modeling,
  title={Modeling of bacterial growth with shifts in temperature},
  author={Zwietering, MH and De Wit, JC and Cuppers, HGAM and Van't Riet, K},
  journal={Applied and Environmental Microbiology},
  volume={60},
  number={1},
  pages={204--213},
  year={1994},
  publisher={Am Soc Microbiol}
}

@Manual{R_citation,
    title = {R: A Language and Environment for Statistical Computing},
    author = {{R Core Team}},
    organization = {R Foundation for Statistical Computing},
    address = {Vienna, Austria},
    year = {2022},
    url = {https://www.R-project.org/},
  }

@Manual{readrcitation,
  title = {readr: Read Rectangular Text Data},
  author = {Hadley Wickham and Jim Hester and Jennifer Bryan},
  year = {2022},
  note = {https://readr.tidyverse.org, https://github.com/tidyverse/readr},
}

@Manual{dplyrcitation,
  title = {dplyr: A Grammar of Data Manipulation},
  author = {Hadley Wickham and Romain François and Lionel Henry and Kirill Müller},
  year = {2022},
  note = {https://dplyr.tidyverse.org,
https://github.com/tidyverse/dplyr},
}

@Book{ggplot2citation,
    author = {Hadley Wickham},
    title = {ggplot2: Elegant Graphics for Data Analysis},
    publisher = {Springer-Verlag New York},
    year = {2016},
    isbn = {978-3-319-24277-4},
    url = {https://ggplot2.tidyverse.org},
  }

  @article{elzhov2010r,
  title={R interface to the Levenberg-Marquardt nonlinear least-squares algorithm found in MINPACK},
  author={Elzhov, Timur V and Mullen, Katharine M and Spiess, A and Bolker, B},
  journal={Plus support for bounds},
  pages={1--2},
  year={2010},
  publisher={Citeseer}
}

@book{van1995python,
  title={Python reference manual},
  author={Van Rossum, Guido and Drake Jr, Fred L},
  year={1995},
  publisher={Centrum voor Wiskunde en Informatica Amsterdam}
}

@misc{gnu2007free,
  title={Free Software Foundation. Bash (3.2. 48)[Unix shell program]},
  author={GNU, P},
  year={2007}
}

@article{johnson1999insignificance,
  title={The insignificance of statistical significance testing},
  author={Johnson, Douglas H},
  journal={The journal of wildlife management},
  pages={763--772},
  year={1999},
  publisher={JSTOR}
}

@article{levins1966strategy,
  title={The strategy of model building in population biology},
  author={Levins, Richard},
  journal={American scientist},
  volume={54},
  number={4},
  pages={421--431},
  year={1966},
  publisher={JSTOR}
}

@incollection{turchin2013complex,
  title={Complex population dynamics},
  author={Turchin, Peter},
  booktitle={Complex Population Dynamics},
  year={2013},
  publisher={Princeton university press}
}

@article{graham2016microbes,
  title={Microbes as engines of ecosystem function: when does community structure enhance predictions of ecosystem processes?},
  author={Graham, Emily B and Knelman, Joseph E and Schindlbacher, Andreas and Siciliano, Steven and Breulmann, Marc and Yannarell, Anthony and Beman, JM and Abell, Guy and Philippot, Laurent and Prosser, James and others},
  journal={Frontiers in microbiology},
  volume={7},
  pages={214},
  year={2016},
  publisher={Frontiers Media SA}
}

@article{pachepsky2018microbial,
  title={Microbial water quality: monitoring and modeling},
  author={Pachepsky, YA and Allende, A and Boithias, Laurie and Cho, K and Jamieson, R and Hofstra, N and Molina, M},
  journal={Journal of Environmental Quality},
  volume={47},
  number={5},
  pages={931--938},
  year={2018},
  publisher={Wiley Online Library}
}

@article{whiting1995microbial,
  title={Microbial modeling in foods},
  author={Whiting, Richard C},
  journal={Critical Reviews in Food Science \& Nutrition},
  volume={35},
  number={6},
  pages={467--494},
  year={1995},
  publisher={Taylor \& Francis}
}

@article{peleg2011microbial,
  title={Microbial growth curves: what the models tell us and what they cannot},
  author={Peleg, Micha and Corradini, Maria G},
  journal={Critical reviews in food science and nutrition},
  volume={51},
  number={10},
  pages={917--945},
  year={2011},
  publisher={Taylor \& Francis}
}

@article{johnson2004model,
  title={Model selection in ecology and evolution},
  author={Johnson, Jerald B and Omland, Kristian S},
  journal={Trends in ecology \& evolution},
  volume={19},
  number={2},
  pages={101--108},
  year={2004},
  publisher={Elsevier}
}