@article{brown2004toward,
  title={Toward a metabolic theory of ecology},
  author={Brown, James H and Gillooly, James F and Allen, Andrew P and Savage, Van M and West, Geoffrey B},
  journal={Ecology},
  volume={85},
  number={7},
  pages={1771--1789},
  year={2004},
  publisher={Wiley Online Library}
}